<?xml version="1.0" encoding="UTF-8"?><collection xmlns="http://www.loc.gov/MARC21/slim"><record><leader>00387nam--2200121-i-4500</leader><controlfield tag="001">000038880</controlfield><controlfield tag="002">20161230</controlfield><controlfield tag="005">20161230201042</controlfield><controlfield tag="008">060222s1000------------r-----000-0-eng-d</controlfield><datafield ind1=" " ind2=" " tag="245"><subfield code="a">Symposium on nucleation and crystallization in glasses and melts</subfield></datafield><datafield ind1=" " ind2=" " tag="260"><subfield code="a">Ohio,, The American Ceramic Society, 1962, 123p</subfield></datafield><datafield ind1=" " ind2=" " tag="700"><subfield code="a">Reser, Margie K., Smith, Geraldine And Insley, Herbert</subfield></datafield><datafield ind1=" " ind2=" " tag="852"><subfield code="a">24298</subfield></datafield></record></collection>